@article{Mazzone2007,
  title={Diagnosis of lung cancer by the analysis of exhaled breath with a colorimetric sensor array},
  author={Mazzone, Peter J and Hammel, Jeffrey and Dweik, Raed and Na, Jie and Czich, Carmen and Laskowski, Daniel and Mekhail, Tarek},
  journal={Thorax},
  volume={62},
  number={7},
  pages={565--568},
  year={2007},
  publisher={BMJ Publishing Group Ltd and British Thoracic Society}
}
@article{Mcculloch2006,
  title={Diagnostic accuracy of canine scent detection in early-and late-stage lung and breast cancers},
  author={McCulloch, Michael and Jezierski, Tadeusz and Broffman, Michael and Hubbard, Alan and Turner, Kirk and Janecki, Teresa},
  journal={Integrative cancer therapies},
  volume={5},
  number={1},
  pages={30--39},
  year={2006},
  publisher={Sage Publications}
}
@book{Pearce2003,
author = {Pearce, T.C. and Schiffman, S.S. and Nagle, H.T. and Gardner, J.W.},
file = {:home/aziyatdinov/.local/share/data/Mendeley Ltd./Mendeley Desktop/Downloaded/Pearce et al. - 2003 - Handbook of Machine Olfaction - Electronic Nose Technology.pdf:pdf},
keywords = {book,state-of-the-art},
mendeley-groups = {E-nose,My papers/JSS12,My papers/JSS12/Machine Olfaction},
mendeley-tags = {book,state-of-the-art},
publisher = {John Wiley \& Sons},
title = {{Handbook of Machine Olfaction - Electronic Nose Technology}},
year = {2003}
}
@article{Persaud1982,
author = {Persaud, Krishna and Dodd, George},
doi = {http://dx.doi.org/10.1038/299352a0},
file = {:home/aziyatdinov/Downloads/299352a0.pdf:pdf},
journal = {Nature},
mendeley-groups = {My papers/JSS12,My papers/JSS12/Machine Olfaction},
pages = {352--355},
title = {{Analysis of discrimination mechanisms in the mammalian olfactory system using a model nose}},
url = {http://www.nature.com/nature/journal/v299/n5881/abs/299352a0.html},
volume = {299},
year = {1982}
}
@article{Mori1999,
author = {Mori, Kensaku and Hiroshi, Nagao and Yoshihara, Yoshihiro},
file = {:home/aziyatdinov/Downloads/Mori-review.pdf:pdf},
journal = {Science},
mendeley-groups = {Sensor Neuromorphic/Neurochem Annex,Sensor Neuromorphic/Neurochem},
pages = {711--715},
title = {{The Olfactory Bulb : Coding and Processing of Odor Molecule Information}},
volume = {286},
year = {1999}
}
@article{Buck1991,
author = {Buck, L and Axel, R},
issn = {0092-8674},
journal = {Cell},
month = apr,
number = {1},
pages = {175--87},
pmid = {1840504},
title = {{A novel multigene family may encode odorant receptors: a molecular basis for odor recognition.}},
volume = {65},
year = {1991}
}
@article{Shepherd1994,
  author = {Shepherd, Gordon M.},
  title = {Discrimination of molecular signals by the olfactory receptor},
  journal = {Neuron},
  year = {1994},
  volume = {13},
  pages = {771-790},
  publisher={Cell Press}
}

@article{Shepherd1987,
  author = {Shepherd, Gordon M.},
  title = {A molecular vocabulary for olfaction},
  journal = {Annals of the New York Academy of Sciences},
  year = {1987},
  volume = {510},
  number={1},
  pages = {98-103},
  owner = {ziyatdinov},
  publisher={Wiley Online Library}
}
@article{Vassar1994,
  title={Topographic organization of sensory projections to the olfactory bulb},
  author={Vassar, Robert and Chao, Steve K and Sitcheran, Raquel and Vosshall, Leslie B and Axel, Richard and others},
  journal={Cell},
  volume={79},
  number={6},
  pages={981--991},
  year={1994},
  publisher={Elsevier}
}
@incollection{Pearce2001,
author = {Pearce, Tim and Verschure, Paul and White, Joel and Kauer, John},
booktitle = {Emergent Neural Computational Architectures Based on Neuroscience},
pages = {461--479},
title = {{Robust Stimulus Encoding in Olfactory Processing : Hyperacuity and Efficient Signal Transmission}},
year = {2001}
}
@article{Perera2006,
author = {Perera, A and Yamanaka, T and {Gutierrez Galvez}, A and Raman, B and Gutierrez-Osuna, R.},
doi = {10.1016/j.snb.2005.11.082},
issn = {09254005},
journal = {Sensors and Actuators B: Chemical},
month = jul,
number = {1-2},
pages = {17--22},
title = {{A dimensionality-reduction technique inspired by receptor convergence in the olfactory system}},
volume = {116},
year = {2006}
}
@article{Raman2006c,
author = {Raman, B. and Gutierrez-Osuna, R.},
doi = {10.1016/j.snb.2005.11.078},
issn = {09254005},
journal = {Sensors and Actuators B: Chemical},
month = jul,
number = {1-2},
pages = {36--42},
title = {{Concentration normalization with a model of gain control in the olfactory bulb}},
volume = {116},
year = {2006}
}
@article{Gutierrez-Galvez2006,
author = {Gutierrez-Galvez, A. and Gutierrez-Osuna, R.},
doi = {10.1016/j.snb.2005.11.081},
issn = {09254005},
journal = {Sensors and Actuators B: Chemical},
month = jul,
number = {1-2},
pages = {29--35},
title = {{Increasing the separability of chemosensor array patterns with Hebbian/anti-Hebbian learning}},
volume = {116},
year = {2006}
}
@article{Pearce2013,
author = {Pearce, Timothy C and Karout, Salah and R\'{a}cz, Zolt\'{a}n and Capurro, Alberto and Gardner, Julian W and Cole, Marina},
doi = {10.3389/fnins.2013.00119},
issn = {1662-4548},
journal = {Frontiers in neuroscience},
month = jan,
number = {July},
pages = {119},
pmid = {23874265},
title = {{Rapid processing of chemosensor transients in a neuromorphic implementation of the insect macroglomerular complex.}},
volume = {7},
year = {2013}
}
@article{
Schmuker2014,
author = {Schmuker, Michael and Pfeil, Thomas and Nawrot, Martin Paul},
doi = {10.1073/pnas.1303053111},
issn = {1091-6490},
journal = {Proceedings of the National Academy of Sciences of the United States of America},
month = feb,
number = {6},
pages = {2081--6},
pmid = {24469794},
title = {{A neuromorphic network for generic multivariate data classification.}},
volume = {111},
year = {2014}
}
@article{Bermak2005,
title={Pattern recognition techniques for odor discrimination in gas sensor array},
author={Bermak, Amine and Belhouari, S and Shi, Minghua and Martinez, Dominique and others},
journal={The Encyclopedia of Sensors},
year={2005}
}
@article{Artursson2000,
author = {Artursson, Tom and Eklov, Tomas and Lundstrom, Ingemar and Martensson, Per and Sjostrom, Michael and Holmberg, Martin},
doi = {10.1002/1099-128X(200009/12)14:5/6<711::AID-CEM607>3.0.CO;2-4},
issn = {0886-9383},
journal = {Journal of Chemometrics},
month = sep,
number = {5-6},
pages = {711--723},
title = {{Drift correction for gas sensors using multivariate methods}},
volume = {14},
year = {2000}
}
@article{Gutierrez-Osuna2002,
author = {Gutierrez-Osuna, R.},
doi = {10.1109/JSEN.2002.800688},
issn = {1530-437X},
journal = {IEEE Sensors Journal},
month = jun,
number = {3},
pages = {189--202},
title = {{Pattern analysis for machine olfaction: a review}},
volume = {2},
year = {2002}
}

